@Misc{LiteraturEintrag1,
  author = 	 {DHBW},
  title = 	 {Das tolle DHBW-Logo\\ \url{http://www.dhbw-stuttgart.de/index.html}},
  month = 	 {September},
  year = 	 {2004}
}

