@Misc{BootstrapDefinition,
  author = 	 {{Marc Otto \& Jacob Thornton}},
  title = 	 {Bootstrap Website\\ \url{http://getbootstrap.com}},
  month = 	 {MÃ¤rz},
  year = 	 {2014}
}

